@inproceedings{dataset,
  author    = {Grusky, Max and Naaman, Mor and Artzi, Yoav},
  title     = {NEWSROOM: A Dataset of 1.3 Million Summaries
               with Diverse Extractive Strategies},
  booktitle = {Proceedings of the 2018 Conference of the
               North American Chapter of the Association for
               Computational Linguistics: Human Language Technologies},
  publisher = {Association for Computational Linguistics},
  pages     = {708--719},
  year      = {2018},
  month     = {June},
  address   = {New Orleans, Louisiana},
  url       = {http://aclweb.org/anthology/N18-1065}
}

@inproceedings{ny_dataset,
  author          = {Sandhaus, Evan},
  title           = {The New York Times Annotated Corpus},
  booktitle       = {The New York Times Annotated Corpus LDC2008T19},
  publisher       = {Linguistic Data Consortium},
  year            = {2008},
  url             = {https://doi.org/10.35111/77ba-9x74},
}

@misc{devlin2019bert,
      title={BERT: Pre-training of Deep Bidirectional Transformers for Language Understanding}, 
      author={Jacob Devlin and Ming-Wei Chang and Kenton Lee and Kristina Toutanova},
      year={2019},
      eprint={1810.04805},
      archivePrefix={arXiv},
      primaryClass={cs.CL},
      url = {https://arxiv.org/abs/1810.04805},
}

@misc{liu2019finetune,
      title={Fine-tune BERT for Extractive Summarization}, 
      author={Yang Liu},
      year={2019},
      eprint={1903.10318},
      archivePrefix={arXiv},
      primaryClass={cs.CL},
      url = {https://arxiv.org/abs/1903.10318},
}

@article{textmining1958,
  author = {Luhn, H. P.},
  biburl = {https://www.bibsonomy.org/bibtex/245d22ece3ed303ba91ae15e8b50f9a81/cschie},
  journal = {IBM Journal of Research and Development},
  keywords = {1958 IBM abstracts automatic creation literature luhn mining text},
  number = 2,
  title = {The Automatic Creation of Literature Abstracts},
  url = {http://www.research.ibm.com/journal/rd/022/luhn.pdf},
  volume = 2,
  year = 1958
}

@article{automaticextracting,
	author = {Edmundson, H. P.},
	title = {New Methods in Automatic Extracting},
	year = {1969},
	issue_date = {April 1969},
	publisher = {Association for Computing Machinery},
	address = {New York, NY, USA},
	volume = {16},
	number = {2},
	issn = {0004-5411},
	url = {https://doi.org/10.1145/321510.321519},
	doi = {10.1145/321510.321519},
	journal = {J. ACM},
	month = apr,
	pages = {264â€“285},
	numpages = {22}
}

@article{summarizing,
  author    = {Karen Sparck Jones},
  title     = {Automatic summarising: factors and directions},
  journal   = {CoRR},
  volume    = {cmp-lg/9805011},
  year      = {1998},
  url       = {http://arxiv.org/abs/cmp-lg/9805011},
  timestamp = {Mon, 13 Aug 2018 16:46:06 +0200},
  biburl    = {https://dblp.org/rec/journals/corr/cmp-lg-9805011.bib},
  bibsource = {dblp computer science bibliography, https://dblp.org}
}

@article{survey,
  author    = {Mehdi Allahyari and
               Seyed Amin Pouriyeh and
               Mehdi Assefi and
               Saeid Safaei and
               Elizabeth D. Trippe and
               Juan B. Gutierrez and
               Krys Kochut},
  title     = {Text Summarization Techniques: {A} Brief Survey},
  journal   = {CoRR},
  volume    = {abs/1707.02268},
  year      = {2017},
  url       = {http://arxiv.org/abs/1707.02268},
  archivePrefix = {arXiv},
  eprint    = {1707.02268},
  timestamp = {Sat, 23 Jan 2021 01:12:18 +0100},
  biburl    = {https://dblp.org/rec/journals/corr/AllahyariPASTGK17.bib},
  bibsource = {dblp computer science bibliography, https://dblp.org}
}

@article{neuralextractive,
  author    = {Ming Zhong and
               Pengfei Liu and
               Danqing Wang and
               Xipeng Qiu and
               Xuanjing Huang},
  title     = {Searching for Effective Neural Extractive Summarization: What Works
               and What's Next},
  journal   = {CoRR},
  volume    = {abs/1907.03491},
  year      = {2019},
  url       = {http://arxiv.org/abs/1907.03491},
  archivePrefix = {arXiv},
  eprint    = {1907.03491},
  timestamp = {Mon, 23 Nov 2020 08:36:39 +0100},
  biburl    = {https://dblp.org/rec/journals/corr/abs-1907-03491.bib},
  bibsource = {dblp computer science bibliography, https://dblp.org}
}

@article{extractive_bert,
  author        = {Derek Miller},
  title         = {Leveraging {BERT} for Extractive Text Summarization on Lectures},
  journal       = {CoRR},
  volume        = {abs/1906.04165},
  year          = {2019},
  url           = {http://arxiv.org/abs/1906.04165},
  archiveprefix = {arXiv},
  eprint        = {1906.04165},
  timestamp     = {Fri, 14 Jun 2019 09:38:24 +0200},
  biburl        = {https://dblp.org/rec/journals/corr/abs-1906-04165.bib},
  bibsource     = {dblp computer science bibliography, https://dblp.org}
}

@inproceedings{rouge,
  title={Rouge: A package for automatic evaluation of summaries},
  author={Lin, Chin-Yew},
  booktitle={Text summarization branches out},
  pages={74--81},
  year={2004}
}