// Remember to set author in double brackets! {{}}


@inproceedings{dataset,
  author    = {Grusky, Max and Naaman, Mor and Artzi, Yoav},
  title     = {NEWSROOM: A Dataset of 1.3 Million Summaries
               with Diverse Extractive Strategies},
  booktitle = {Proceedings of the 2018 Conference of the
               North American Chapter of the Association for
               Computational Linguistics: Human Language Technologies},
  publisher = {Association for Computational Linguistics},
  pages     = {708--719},
  year      = {2018},
  month     = {June},
  address   = {New Orleans, Louisiana},
  url       = {http://aclweb.org/anthology/N18-1065}
}

@inproceedings{ny_dataset,
  author          = {Sandhaus, Evan},
  title           = {The New York Times Annotated Corpus},
  booktitle       = {The New York Times Annotated Corpus LDC2008T19},
  publisher       = {Linguistic Data Consortium},
  year            = {2008},
  url             = {https://doi.org/10.35111/77ba-9x74},
}